%YAML 1.1
%TAG !u! tag:unity3d.com,2011:
--- !u!1 &1505863921329116018
GameObject:
  m_ObjectHideFlags: 0
  m_CorrespondingSourceObject: {fileID: 0}
  m_PrefabInstance: {fileID: 0}
  m_PrefabAsset: {fileID: 0}
  serializedVersion: 6
  m_Component:
  - component: {fileID: 1505863921329116017}
  - component: {fileID: 1505863921329116016}
  m_Layer: 0
  m_Name: Tile01
  m_TagString: Untagged
  m_Icon: {fileID: 0}
  m_NavMeshLayer: 0
  m_StaticEditorFlags: 0
  m_IsActive: 1
--- !u!4 &1505863921329116017
Transform:
  m_ObjectHideFlags: 0
  m_CorrespondingSourceObject: {fileID: 0}
  m_PrefabInstance: {fileID: 0}
  m_PrefabAsset: {fileID: 0}
  m_GameObject: {fileID: 1505863921329116018}
  m_LocalRotation: {x: 0, y: 0, z: 0, w: 1}
  m_LocalPosition: {x: 0, y: 0, z: 0}
  m_LocalScale: {x: 1, y: 1, z: 1}
  m_Children:
  - {fileID: 1505863922533501233}
  - {fileID: 1505863922949844089}
  - {fileID: 1505863922895054222}
  - {fileID: 1505863923077114690}
  m_Father: {fileID: 1505863922785699832}
  m_RootOrder: 0
  m_LocalEulerAnglesHint: {x: 0, y: 0, z: 0}
--- !u!114 &1505863921329116016
MonoBehaviour:
  m_ObjectHideFlags: 0
  m_CorrespondingSourceObject: {fileID: 0}
  m_PrefabInstance: {fileID: 0}
  m_PrefabAsset: {fileID: 0}
  m_GameObject: {fileID: 1505863921329116018}
  m_Enabled: 1
  m_EditorHideFlags: 0
  m_Script: {fileID: 11500000, guid: 0da9271709002454f990be78d1176645, type: 3}
  m_Name: 
  m_EditorClassIdentifier: 
  tileSize: {x: 3, y: 3, z: 3}
  origin: {x: 1.5, y: 1.5, z: -1.5}
  colorSettings: {fileID: 11400000, guid: f95c12d9e78dacf428f9f06ec275e99d, type: 2}
  weight: 1
  savedTiles:
  - position: {x: 0, y: 0, z: 0}
    faceUp: ffffffffffffffffffffffffffffffff
    faceDown: 01000000010000000100000001000000
    faceFront: 05000000050000000300000003000000
    faceBack: ffffffffffffffffffffffffffffffff
    faceRight: ffffffffffffffffffffffffffffffff
    faceLeft: 05000000050000000300000003000000
    isSplit: 000100000001
  - position: {x: 1, y: 0, z: 0}
    faceUp: ffffffffffffffffffffffffffffffff
    faceDown: 01000000010000000100000001000000
    faceFront: 05000000050000000300000003000000
    faceBack: ffffffffffffffffffffffffffffffff
    faceRight: 05000000050000000300000003000000
    faceLeft: ffffffffffffffffffffffffffffffff
    isSplit: 000101000000
  - position: {x: 1, y: 0, z: -1}
    faceUp: ffffffffffffffffffffffffffffffff
    faceDown: 01000000010000000100000001000000
    faceFront: ffffffffffffffffffffffffffffffff
    faceBack: 01000000010000000100000001000000
    faceRight: 05000000030000000300000003000000
    faceLeft: ffffffffffffffffffffffffffffffff
    isSplit: 000001000000
  - position: {x: 0, y: 0, z: -1}
    faceUp: ffffffffffffffffffffffffffffffff
    faceDown: 01000000010000000100000001000000
    faceFront: ffffffffffffffffffffffffffffffff
    faceBack: 01000000010000000100000001000000
    faceRight: ffffffffffffffffffffffffffffffff
    faceLeft: 05000000030000000300000003000000
    isSplit: 000000000001
  - position: {x: 1, y: 1, z: -1}
    faceUp: 03000000030000000500000005000000
    faceDown: ffffffffffffffffffffffffffffffff
    faceFront: ffffffffffffffffffffffffffffffff
    faceBack: 01000000010000000100000001000000
    faceRight: 05000000030000000500000003000000
    faceLeft: ffffffffffffffffffffffffffffffff
    isSplit: 010001000000
  - position: {x: 0, y: 1, z: -1}
    faceUp: 03000000030000000500000005000000
    faceDown: ffffffffffffffffffffffffffffffff
    faceFront: ffffffffffffffffffffffffffffffff
    faceBack: 01000000010000000100000001000000
    faceRight: ffffffffffffffffffffffffffffffff
    faceLeft: 05000000030000000500000003000000
    isSplit: 010000000001
  - position: {x: 0, y: 1, z: 0}
    faceUp: 00000000000000000000000000000000
    faceDown: ffffffffffffffffffffffffffffffff
    faceFront: 00000000000000000000000000000000
    faceBack: ffffffffffffffffffffffffffffffff
    faceRight: ffffffffffffffffffffffffffffffff
    faceLeft: 00000000000000000000000000000000
    isSplit: 000000000000
  - position: {x: 1, y: 1, z: 0}
    faceUp: 00000000000000000000000000000000
    faceDown: ffffffffffffffffffffffffffffffff
    faceFront: 00000000000000000000000000000000
    faceBack: ffffffffffffffffffffffffffffffff
    faceRight: 00000000000000000000000000000000
    faceLeft: ffffffffffffffffffffffffffffffff
    isSplit: 000000000000
--- !u!1 &1505863921712077997
GameObject:
  m_ObjectHideFlags: 0
  m_CorrespondingSourceObject: {fileID: 0}
  m_PrefabInstance: {fileID: 0}
  m_PrefabAsset: {fileID: 0}
  serializedVersion: 6
  m_Component:
  - component: {fileID: 1505863921712077996}
  - component: {fileID: 1505863921712077987}
  m_Layer: 0
  m_Name: Tile04
  m_TagString: Untagged
  m_Icon: {fileID: 0}
  m_NavMeshLayer: 0
  m_StaticEditorFlags: 0
  m_IsActive: 1
--- !u!4 &1505863921712077996
Transform:
  m_ObjectHideFlags: 0
  m_CorrespondingSourceObject: {fileID: 0}
  m_PrefabInstance: {fileID: 0}
  m_PrefabAsset: {fileID: 0}
  m_GameObject: {fileID: 1505863921712077997}
  m_LocalRotation: {x: -0, y: 0.70710576, z: -0, w: 0.70710784}
  m_LocalPosition: {x: 9, y: 0, z: -6}
  m_LocalScale: {x: 1, y: 1, z: 1}
  m_Children:
  - {fileID: 1505863921343262810}
  - {fileID: 1505863921648582322}
  - {fileID: 1505863921691399073}
  - {fileID: 1505863922851188557}
  - {fileID: 1505863921905816867}
  - {fileID: 1505863923038478244}
  m_Father: {fileID: 1505863922785699832}
  m_RootOrder: 2
  m_LocalEulerAnglesHint: {x: 0, y: 90, z: 0}
--- !u!114 &1505863921712077987
MonoBehaviour:
  m_ObjectHideFlags: 0
  m_CorrespondingSourceObject: {fileID: 0}
  m_PrefabInstance: {fileID: 0}
  m_PrefabAsset: {fileID: 0}
  m_GameObject: {fileID: 1505863921712077997}
  m_Enabled: 1
  m_EditorHideFlags: 0
  m_Script: {fileID: 11500000, guid: 0da9271709002454f990be78d1176645, type: 3}
  m_Name: 
  m_EditorClassIdentifier: 
  tileSize: {x: 3, y: 3, z: 3}
  origin: {x: -1.5, y: 1.5, z: 1.5}
  colorSettings: {fileID: 11400000, guid: f95c12d9e78dacf428f9f06ec275e99d, type: 2}
  weight: 1
  savedTiles:
  - position: {x: 0, y: 0, z: 0}
    faceUp: ffffffffffffffffffffffffffffffff
    faceDown: 00000000000000000000000000000000
    faceFront: ffffffffffffffffffffffffffffffff
    faceBack: 05000000030000000300000003000000
    faceRight: 01000000010000000100000001000000
    faceLeft: ffffffffffffffffffffffffffffffff
    isSplit: 000000000100
  - position: {x: 0, y: 0, z: 1}
    faceUp: ffffffffffffffffffffffffffffffff
    faceDown: 00000000000000000000000000000000
    faceFront: 01000000010000000100000001000000
    faceBack: ffffffffffffffffffffffffffffffff
    faceRight: 01000000010000000100000001000000
    faceLeft: ffffffffffffffffffffffffffffffff
    isSplit: 000000000000
  - position: {x: -1, y: 0, z: 1}
    faceUp: ffffffffffffffffffffffffffffffff
    faceDown: 00000000000000000000000000000000
    faceFront: 01000000010000000100000001000000
    faceBack: ffffffffffffffffffffffffffffffff
    faceRight: ffffffffffffffffffffffffffffffff
    faceLeft: 03000000050000000300000003000000
    isSplit: 000000000001
  - position: {x: -1, y: 0, z: 0}
    faceUp: ffffffffffffffffffffffffffffffff
    faceDown: 00000000000000000000000000000000
    faceFront: ffffffffffffffffffffffffffffffff
    faceBack: 05000000050000000300000003000000
    faceRight: ffffffffffffffffffffffffffffffff
    faceLeft: 05000000050000000300000003000000
    isSplit: 000000000101
  - position: {x: 0, y: 1, z: 0}
    faceUp: 05000000030000000500000003000000
    faceDown: ffffffffffffffffffffffffffffffff
    faceFront: ffffffffffffffffffffffffffffffff
    faceBack: 05000000030000000500000003000000
    faceRight: 01000000010000000100000001000000
    faceLeft: ffffffffffffffffffffffffffffffff
    isSplit: 010000000100
  - position: {x: 0, y: 1, z: 1}
    faceUp: 05000000030000000300000003000000
    faceDown: ffffffffffffffffffffffffffffffff
    faceFront: 01000000010000000100000001000000
    faceBack: ffffffffffffffffffffffffffffffff
    faceRight: 01000000010000000100000001000000
    faceLeft: ffffffffffffffffffffffffffffffff
    isSplit: 010000000000
  - position: {x: -1, y: 1, z: 1}
    faceUp: 05000000050000000300000003000000
    faceDown: ffffffffffffffffffffffffffffffff
    faceFront: 01000000010000000100000001000000
    faceBack: ffffffffffffffffffffffffffffffff
    faceRight: ffffffffffffffffffffffffffffffff
    faceLeft: 03000000050000000300000005000000
    isSplit: 010000000001
  - position: {x: -1, y: 1, z: 0}
    faceUp: 00000000000000000000000000000000
    faceDown: ffffffffffffffffffffffffffffffff
    faceFront: ffffffffffffffffffffffffffffffff
    faceBack: 00000000000000000000000000000000
    faceRight: ffffffffffffffffffffffffffffffff
    faceLeft: 00000000000000000000000000000000
    isSplit: 000000000000
--- !u!1 &1505863922031371104
GameObject:
  m_ObjectHideFlags: 0
  m_CorrespondingSourceObject: {fileID: 0}
  m_PrefabInstance: {fileID: 0}
  m_PrefabAsset: {fileID: 0}
  serializedVersion: 6
  m_Component:
  - component: {fileID: 1505863922031371111}
  - component: {fileID: 1505863922031371110}
  m_Layer: 0
  m_Name: Tile03
  m_TagString: Untagged
  m_Icon: {fileID: 0}
  m_NavMeshLayer: 0
  m_StaticEditorFlags: 0
  m_IsActive: 1
--- !u!4 &1505863922031371111
Transform:
  m_ObjectHideFlags: 0
  m_CorrespondingSourceObject: {fileID: 0}
  m_PrefabInstance: {fileID: 0}
  m_PrefabAsset: {fileID: 0}
  m_GameObject: {fileID: 1505863922031371104}
  m_LocalRotation: {x: 0, y: 0, z: 0, w: 1}
  m_LocalPosition: {x: -3.97, y: -0.00054029113, z: -5.56}
  m_LocalScale: {x: 1, y: 1, z: 1}
  m_Children:
  - {fileID: 1505863922965254192}
  - {fileID: 1505863921245738687}
  m_Father: {fileID: 1505863922785699832}
  m_RootOrder: 1
  m_LocalEulerAnglesHint: {x: 0, y: 0, z: 0}
--- !u!114 &1505863922031371110
MonoBehaviour:
  m_ObjectHideFlags: 0
  m_CorrespondingSourceObject: {fileID: 0}
  m_PrefabInstance: {fileID: 0}
  m_PrefabAsset: {fileID: 0}
  m_GameObject: {fileID: 1505863922031371104}
  m_Enabled: 1
  m_EditorHideFlags: 0
  m_Script: {fileID: 11500000, guid: 0da9271709002454f990be78d1176645, type: 3}
  m_Name: 
  m_EditorClassIdentifier: 
  tileSize: {x: 3, y: 3, z: 3}
  origin: {x: -1.5, y: 1.5, z: 1.5}
  colorSettings: {fileID: 11400000, guid: f95c12d9e78dacf428f9f06ec275e99d, type: 2}
  weight: 1
  savedTiles:
  - position: {x: 0, y: 0, z: 0}
    faceUp: 00000000000000000000000000000000
    faceDown: 01000000010000000100000001000000
    faceFront: ffffffffffffffffffffffffffffffff
    faceBack: 05000000050000000300000003000000
    faceRight: 05000000050000000300000003000000
    faceLeft: ffffffffffffffffffffffffffffffff
    isSplit: 000001000100
  - position: {x: 0, y: 0, z: 1}
    faceUp: 00000000000000000000000000000000
    faceDown: 01000000010000000100000001000000
    faceFront: 05000000050000000300000003000000
    faceBack: ffffffffffffffffffffffffffffffff
    faceRight: 05000000050000000300000003000000
    faceLeft: ffffffffffffffffffffffffffffffff
    isSplit: 000101000000
  - position: {x: -1, y: 0, z: 1}
    faceUp: 00000000000000000000000000000000
    faceDown: 01000000010000000100000001000000
    faceFront: 05000000050000000300000003000000
    faceBack: ffffffffffffffffffffffffffffffff
    faceRight: ffffffffffffffffffffffffffffffff
    faceLeft: 05000000050000000300000003000000
    isSplit: 000100000001
  - position: {x: -1, y: 0, z: 0}
    faceUp: 00000000000000000000000000000000
    faceDown: 01000000010000000100000001000000
    faceFront: ffffffffffffffffffffffffffffffff
    faceBack: 05000000050000000300000003000000
    faceRight: ffffffffffffffffffffffffffffffff
    faceLeft: 05000000050000000300000003000000
    isSplit: 000000000101
--- !u!1 &1505863922365385454
GameObject:
  m_ObjectHideFlags: 0
  m_CorrespondingSourceObject: {fileID: 0}
  m_PrefabInstance: {fileID: 0}
  m_PrefabAsset: {fileID: 0}
  serializedVersion: 6
  m_Component:
  - component: {fileID: 1505863922365385453}
  - component: {fileID: 1505863922365385452}
  m_Layer: 0
  m_Name: Tile05
  m_TagString: Untagged
  m_Icon: {fileID: 0}
  m_NavMeshLayer: 0
  m_StaticEditorFlags: 0
  m_IsActive: 1
--- !u!4 &1505863922365385453
Transform:
  m_ObjectHideFlags: 0
  m_CorrespondingSourceObject: {fileID: 0}
  m_PrefabInstance: {fileID: 0}
  m_PrefabAsset: {fileID: 0}
  m_GameObject: {fileID: 1505863922365385454}
  m_LocalRotation: {x: 0, y: 0, z: 0, w: 1}
  m_LocalPosition: {x: 3, y: 0, z: 12}
  m_LocalScale: {x: 1, y: 1, z: 1}
  m_Children:
  - {fileID: 1400441634086254229}
  - {fileID: 1505863922612409719}
  - {fileID: 1505863921557506672}
  m_Father: {fileID: 1505863922785699832}
  m_RootOrder: 3
  m_LocalEulerAnglesHint: {x: 0, y: 0, z: 0}
--- !u!114 &1505863922365385452
MonoBehaviour:
  m_ObjectHideFlags: 0
  m_CorrespondingSourceObject: {fileID: 0}
  m_PrefabInstance: {fileID: 0}
  m_PrefabAsset: {fileID: 0}
  m_GameObject: {fileID: 1505863922365385454}
  m_Enabled: 1
  m_EditorHideFlags: 0
  m_Script: {fileID: 11500000, guid: 0da9271709002454f990be78d1176645, type: 3}
  m_Name: 
  m_EditorClassIdentifier: 
  tileSize: {x: 3, y: 3, z: 3}
  origin: {x: 1.5, y: 1.5, z: -1.5}
  colorSettings: {fileID: 11400000, guid: f95c12d9e78dacf428f9f06ec275e99d, type: 2}
  weight: 1
  savedTiles:
  - position: {x: 0, y: 0, z: 0}
    faceUp: ffffffffffffffffffffffffffffffff
    faceDown: 00000000000000000000000000000000
    faceFront: 05000000050000000300000003000000
    faceBack: ffffffffffffffffffffffffffffffff
    faceRight: ffffffffffffffffffffffffffffffff
    faceLeft: 01000000010000000100000001000000
    isSplit: 000100000000
  - position: {x: 1, y: 0, z: 0}
    faceUp: ffffffffffffffffffffffffffffffff
    faceDown: 00000000000000000000000000000000
    faceFront: 05000000050000000300000003000000
    faceBack: ffffffffffffffffffffffffffffffff
    faceRight: 05000000050000000300000003000000
    faceLeft: ffffffffffffffffffffffffffffffff
    isSplit: 000101000000
  - position: {x: 1, y: 0, z: -1}
    faceUp: ffffffffffffffffffffffffffffffff
    faceDown: 00000000000000000000000000000000
    faceFront: ffffffffffffffffffffffffffffffff
    faceBack: 01000000010000000100000001000000
    faceRight: 05000000030000000300000003000000
    faceLeft: ffffffffffffffffffffffffffffffff
    isSplit: 000001000000
  - position: {x: 0, y: 0, z: -1}
    faceUp: ffffffffffffffffffffffffffffffff
    faceDown: 00000000000000000000000000000000
    faceFront: ffffffffffffffffffffffffffffffff
    faceBack: 01000000010000000100000001000000
    faceRight: ffffffffffffffffffffffffffffffff
    faceLeft: 01000000010000000100000001000000
    isSplit: 000000000000
  - position: {x: 1, y: 1, z: -1}
    faceUp: 03000000030000000500000005000000
    faceDown: ffffffffffffffffffffffffffffffff
    faceFront: ffffffffffffffffffffffffffffffff
    faceBack: 01000000010000000100000001000000
    faceRight: 05000000030000000500000003000000
    faceLeft: ffffffffffffffffffffffffffffffff
    isSplit: 010001000000
  - position: {x: 0, y: 1, z: -1}
    faceUp: 03000000030000000500000005000000
    faceDown: ffffffffffffffffffffffffffffffff
    faceFront: ffffffffffffffffffffffffffffffff
    faceBack: 01000000010000000100000001000000
    faceRight: ffffffffffffffffffffffffffffffff
    faceLeft: 01000000010000000100000001000000
    isSplit: 010000000000
  - position: {x: 0, y: 1, z: 0}
    faceUp: 00000000000000000000000000000000
    faceDown: ffffffffffffffffffffffffffffffff
    faceFront: 00000000000000000000000000000000
    faceBack: ffffffffffffffffffffffffffffffff
    faceRight: ffffffffffffffffffffffffffffffff
    faceLeft: 01000000010000000100000001000000
    isSplit: 000000000000
  - position: {x: 1, y: 1, z: 0}
    faceUp: 00000000000000000000000000000000
    faceDown: ffffffffffffffffffffffffffffffff
    faceFront: 00000000000000000000000000000000
    faceBack: ffffffffffffffffffffffffffffffff
    faceRight: 00000000000000000000000000000000
    faceLeft: ffffffffffffffffffffffffffffffff
    isSplit: 000000000000
--- !u!1 &1505863922785699833
GameObject:
  m_ObjectHideFlags: 0
  m_CorrespondingSourceObject: {fileID: 0}
  m_PrefabInstance: {fileID: 0}
  m_PrefabAsset: {fileID: 0}
  serializedVersion: 6
  m_Component:
  - component: {fileID: 1505863922785699832}
  m_Layer: 0
  m_Name: Tiles Open Space
  m_TagString: Untagged
  m_Icon: {fileID: 0}
  m_NavMeshLayer: 0
  m_StaticEditorFlags: 0
  m_IsActive: 1
--- !u!4 &1505863922785699832
Transform:
  m_ObjectHideFlags: 0
  m_CorrespondingSourceObject: {fileID: 0}
  m_PrefabInstance: {fileID: 0}
  m_PrefabAsset: {fileID: 0}
  m_GameObject: {fileID: 1505863922785699833}
  m_LocalRotation: {x: 0, y: 0, z: 0, w: 1}
  m_LocalPosition: {x: 0, y: 0, z: -100}
  m_LocalScale: {x: 1, y: 1, z: 1}
  m_Children:
  - {fileID: 1505863921329116017}
  - {fileID: 1505863922031371111}
  - {fileID: 1505863921712077996}
  - {fileID: 1505863922365385453}
  - {fileID: 1505863923150954400}
  - {fileID: 1505863923132708932}
  m_Father: {fileID: 0}
  m_RootOrder: 0
  m_LocalEulerAnglesHint: {x: 0, y: 0, z: 0}
--- !u!1 &1505863923132708933
GameObject:
  m_ObjectHideFlags: 0
  m_CorrespondingSourceObject: {fileID: 0}
  m_PrefabInstance: {fileID: 0}
  m_PrefabAsset: {fileID: 0}
  serializedVersion: 6
  m_Component:
  - component: {fileID: 1505863923132708932}
  - component: {fileID: 1505863923132708987}
  m_Layer: 0
  m_Name: Tile07
  m_TagString: Untagged
  m_Icon: {fileID: 0}
  m_NavMeshLayer: 0
  m_StaticEditorFlags: 0
  m_IsActive: 1
--- !u!4 &1505863923132708932
Transform:
  m_ObjectHideFlags: 0
  m_CorrespondingSourceObject: {fileID: 0}
  m_PrefabInstance: {fileID: 0}
  m_PrefabAsset: {fileID: 0}
  m_GameObject: {fileID: 1505863923132708933}
  m_LocalRotation: {x: 0, y: 0, z: 0, w: 1}
  m_LocalPosition: {x: 10, y: 0, z: 19}
  m_LocalScale: {x: 1, y: 1, z: 1}
  m_Children: []
  m_Father: {fileID: 1505863922785699832}
  m_RootOrder: 5
  m_LocalEulerAnglesHint: {x: 0, y: 0, z: 0}
--- !u!114 &1505863923132708987
MonoBehaviour:
  m_ObjectHideFlags: 0
  m_CorrespondingSourceObject: {fileID: 0}
  m_PrefabInstance: {fileID: 0}
  m_PrefabAsset: {fileID: 0}
  m_GameObject: {fileID: 1505863923132708933}
  m_Enabled: 1
  m_EditorHideFlags: 0
  m_Script: {fileID: 11500000, guid: 0da9271709002454f990be78d1176645, type: 3}
  m_Name: 
  m_EditorClassIdentifier: 
  tileSize: {x: 3, y: 3, z: 3}
  origin: {x: 1.5, y: 1.5, z: -1.5}
  colorSettings: {fileID: 11400000, guid: f95c12d9e78dacf428f9f06ec275e99d, type: 2}
  weight: 1
  savedTiles:
  - position: {x: 0, y: 0, z: 0}
    faceUp: 00000000000000000000000000000000
    faceDown: 00000000000000000000000000000000
    faceFront: 00000000000000000000000000000000
    faceBack: ffffffffffffffffffffffffffffffff
    faceRight: ffffffffffffffffffffffffffffffff
    faceLeft: 00000000000000000000000000000000
    isSplit: 000000000000
  - position: {x: 1, y: 0, z: 0}
    faceUp: 00000000000000000000000000000000
    faceDown: 00000000000000000000000000000000
    faceFront: 00000000000000000000000000000000
    faceBack: ffffffffffffffffffffffffffffffff
    faceRight: 00000000000000000000000000000000
    faceLeft: ffffffffffffffffffffffffffffffff
    isSplit: 000000000000
  - position: {x: 1, y: 0, z: -1}
    faceUp: 00000000000000000000000000000000
    faceDown: 00000000000000000000000000000000
    faceFront: ffffffffffffffffffffffffffffffff
    faceBack: 00000000000000000000000000000000
    faceRight: 00000000000000000000000000000000
    faceLeft: ffffffffffffffffffffffffffffffff
    isSplit: 000000000000
  - position: {x: 0, y: 0, z: -1}
    faceUp: 00000000000000000000000000000000
    faceDown: 00000000000000000000000000000000
    faceFront: ffffffffffffffffffffffffffffffff
    faceBack: 00000000000000000000000000000000
    faceRight: ffffffffffffffffffffffffffffffff
    faceLeft: 00000000000000000000000000000000
    isSplit: 000000000000
--- !u!1 &1505863923150954401
GameObject:
  m_ObjectHideFlags: 0
  m_CorrespondingSourceObject: {fileID: 0}
  m_PrefabInstance: {fileID: 0}
  m_PrefabAsset: {fileID: 0}
  serializedVersion: 6
  m_Component:
  - component: {fileID: 1505863923150954400}
  - component: {fileID: 1505863923150954407}
  m_Layer: 0
  m_Name: Tile06
  m_TagString: Untagged
  m_Icon: {fileID: 0}
  m_NavMeshLayer: 0
  m_StaticEditorFlags: 0
  m_IsActive: 1
--- !u!4 &1505863923150954400
Transform:
  m_ObjectHideFlags: 0
  m_CorrespondingSourceObject: {fileID: 0}
  m_PrefabInstance: {fileID: 0}
  m_PrefabAsset: {fileID: 0}
  m_GameObject: {fileID: 1505863923150954401}
  m_LocalRotation: {x: 0, y: 0, z: 0, w: 1}
  m_LocalPosition: {x: 10.5, y: 0, z: 12}
  m_LocalScale: {x: 1, y: 1, z: 1}
  m_Children:
  - {fileID: 1400441634644173599}
  - {fileID: 1505863921887340054}
  - {fileID: 1505863922066136087}
  m_Father: {fileID: 1505863922785699832}
  m_RootOrder: 4
  m_LocalEulerAnglesHint: {x: 0, y: 0, z: 0}
--- !u!114 &1505863923150954407
MonoBehaviour:
  m_ObjectHideFlags: 0
  m_CorrespondingSourceObject: {fileID: 0}
  m_PrefabInstance: {fileID: 0}
  m_PrefabAsset: {fileID: 0}
  m_GameObject: {fileID: 1505863923150954401}
  m_Enabled: 1
  m_EditorHideFlags: 0
  m_Script: {fileID: 11500000, guid: 0da9271709002454f990be78d1176645, type: 3}
  m_Name: 
  m_EditorClassIdentifier: 
  tileSize: {x: 3, y: 3, z: 3}
  origin: {x: 4.5, y: 1.5, z: -1.5}
  colorSettings: {fileID: 11400000, guid: f95c12d9e78dacf428f9f06ec275e99d, type: 2}
  weight: 1
  savedTiles:
  - position: {x: 0, y: 0, z: 0}
    faceUp: ffffffffffffffffffffffffffffffff
    faceDown: 00000000000000000000000000000000
    faceFront: 05000000050000000300000003000000
    faceBack: ffffffffffffffffffffffffffffffff
    faceRight: ffffffffffffffffffffffffffffffff
    faceLeft: 05000000050000000300000003000000
    isSplit: 000100000001
  - position: {x: 1, y: 0, z: 0}
    faceUp: ffffffffffffffffffffffffffffffff
    faceDown: 00000000000000000000000000000000
    faceFront: 05000000050000000300000003000000
    faceBack: ffffffffffffffffffffffffffffffff
    faceRight: 01000000010000000100000001000000
    faceLeft: ffffffffffffffffffffffffffffffff
    isSplit: 000100000000
  - position: {x: 1, y: 0, z: -1}
    faceUp: ffffffffffffffffffffffffffffffff
    faceDown: 00000000000000000000000000000000
    faceFront: ffffffffffffffffffffffffffffffff
    faceBack: 01000000010000000100000001000000
    faceRight: 01000000010000000100000001000000
    faceLeft: ffffffffffffffffffffffffffffffff
    isSplit: 000000000000
  - position: {x: 0, y: 0, z: -1}
    faceUp: ffffffffffffffffffffffffffffffff
    faceDown: 00000000000000000000000000000000
    faceFront: ffffffffffffffffffffffffffffffff
    faceBack: 01000000010000000100000001000000
    faceRight: ffffffffffffffffffffffffffffffff
    faceLeft: 05000000030000000300000003000000
    isSplit: 000000000001
  - position: {x: 1, y: 1, z: -1}
    faceUp: 03000000030000000500000005000000
    faceDown: ffffffffffffffffffffffffffffffff
    faceFront: ffffffffffffffffffffffffffffffff
    faceBack: 01000000010000000100000001000000
    faceRight: 01000000010000000100000001000000
    faceLeft: ffffffffffffffffffffffffffffffff
    isSplit: 010000000000
  - position: {x: 0, y: 1, z: -1}
    faceUp: 03000000030000000500000005000000
    faceDown: ffffffffffffffffffffffffffffffff
    faceFront: ffffffffffffffffffffffffffffffff
    faceBack: 01000000010000000100000001000000
    faceRight: ffffffffffffffffffffffffffffffff
    faceLeft: 05000000030000000500000003000000
    isSplit: 010000000001
  - position: {x: 0, y: 1, z: 0}
    faceUp: 00000000000000000000000000000000
    faceDown: ffffffffffffffffffffffffffffffff
    faceFront: 00000000000000000000000000000000
    faceBack: ffffffffffffffffffffffffffffffff
    faceRight: ffffffffffffffffffffffffffffffff
    faceLeft: 00000000000000000000000000000000
    isSplit: 000000000000
  - position: {x: 1, y: 1, z: 0}
    faceUp: 00000000000000000000000000000000
    faceDown: ffffffffffffffffffffffffffffffff
    faceFront: 00000000000000000000000000000000
    faceBack: ffffffffffffffffffffffffffffffff
    faceRight: 01000000010000000100000001000000
    faceLeft: ffffffffffffffffffffffffffffffff
    isSplit: 000000000000
--- !u!1001 &1505863921245578423
PrefabInstance:
  m_ObjectHideFlags: 0
  serializedVersion: 2
  m_Modification:
    m_TransformParent: {fileID: 1505863922031371111}
    m_Modifications:
    - target: {fileID: 184960, guid: d966b42e3878cde43901a3b7514eedb8, type: 3}
      propertyPath: m_Name
      value: Floor_6x3 (2)
      objectReference: {fileID: 0}
    - target: {fileID: 438792, guid: d966b42e3878cde43901a3b7514eedb8, type: 3}
      propertyPath: m_RootOrder
      value: 1
      objectReference: {fileID: 0}
    - target: {fileID: 438792, guid: d966b42e3878cde43901a3b7514eedb8, type: 3}
      propertyPath: m_LocalPosition.x
      value: -6
      objectReference: {fileID: 0}
    - target: {fileID: 438792, guid: d966b42e3878cde43901a3b7514eedb8, type: 3}
      propertyPath: m_LocalPosition.y
      value: 0
      objectReference: {fileID: 0}
    - target: {fileID: 438792, guid: d966b42e3878cde43901a3b7514eedb8, type: 3}
      propertyPath: m_LocalPosition.z
      value: 3
      objectReference: {fileID: 0}
    - target: {fileID: 438792, guid: d966b42e3878cde43901a3b7514eedb8, type: 3}
      propertyPath: m_LocalRotation.w
      value: 0.7071068
      objectReference: {fileID: 0}
    - target: {fileID: 438792, guid: d966b42e3878cde43901a3b7514eedb8, type: 3}
      propertyPath: m_LocalRotation.x
      value: -0.7071068
      objectReference: {fileID: 0}
    - target: {fileID: 438792, guid: d966b42e3878cde43901a3b7514eedb8, type: 3}
      propertyPath: m_LocalRotation.y
      value: -0
      objectReference: {fileID: 0}
    - target: {fileID: 438792, guid: d966b42e3878cde43901a3b7514eedb8, type: 3}
      propertyPath: m_LocalRotation.z
      value: -0
      objectReference: {fileID: 0}
    - target: {fileID: 438792, guid: d966b42e3878cde43901a3b7514eedb8, type: 3}
      propertyPath: m_LocalEulerAnglesHint.x
      value: 0
      objectReference: {fileID: 0}
    - target: {fileID: 438792, guid: d966b42e3878cde43901a3b7514eedb8, type: 3}
      propertyPath: m_LocalEulerAnglesHint.y
      value: 0
      objectReference: {fileID: 0}
    - target: {fileID: 438792, guid: d966b42e3878cde43901a3b7514eedb8, type: 3}
      propertyPath: m_LocalEulerAnglesHint.z
      value: 0
      objectReference: {fileID: 0}
    - target: {fileID: 2350162, guid: d966b42e3878cde43901a3b7514eedb8, type: 3}
      propertyPath: m_Materials.Array.data[0]
      value: 
      objectReference: {fileID: 2100000, guid: 6dcc9dc3addb65842bde943c128f15ca, type: 2}
    m_RemovedComponents: []
  m_SourcePrefab: {fileID: 100100000, guid: d966b42e3878cde43901a3b7514eedb8, type: 3}
--- !u!4 &1505863921245738687 stripped
Transform:
  m_CorrespondingSourceObject: {fileID: 438792, guid: d966b42e3878cde43901a3b7514eedb8,
    type: 3}
  m_PrefabInstance: {fileID: 1505863921245578423}
  m_PrefabAsset: {fileID: 0}
--- !u!1001 &1505863921343087186
PrefabInstance:
  m_ObjectHideFlags: 0
  serializedVersion: 2
  m_Modification:
    m_TransformParent: {fileID: 1505863921712077996}
    m_Modifications:
    - target: {fileID: 184960, guid: d966b42e3878cde43901a3b7514eedb8, type: 3}
      propertyPath: m_Name
      value: Floor_6x3
      objectReference: {fileID: 0}
    - target: {fileID: 438792, guid: d966b42e3878cde43901a3b7514eedb8, type: 3}
      propertyPath: m_RootOrder
      value: 0
      objectReference: {fileID: 0}
    - target: {fileID: 438792, guid: d966b42e3878cde43901a3b7514eedb8, type: 3}
      propertyPath: m_LocalPosition.x
      value: -6
      objectReference: {fileID: 0}
    - target: {fileID: 438792, guid: d966b42e3878cde43901a3b7514eedb8, type: 3}
      propertyPath: m_LocalPosition.y
      value: 0
      objectReference: {fileID: 0}
    - target: {fileID: 438792, guid: d966b42e3878cde43901a3b7514eedb8, type: 3}
      propertyPath: m_LocalPosition.z
      value: 0
      objectReference: {fileID: 0}
    - target: {fileID: 438792, guid: d966b42e3878cde43901a3b7514eedb8, type: 3}
      propertyPath: m_LocalRotation.w
      value: 0.7071068
      objectReference: {fileID: 0}
    - target: {fileID: 438792, guid: d966b42e3878cde43901a3b7514eedb8, type: 3}
      propertyPath: m_LocalRotation.x
      value: -0.7071068
      objectReference: {fileID: 0}
    - target: {fileID: 438792, guid: d966b42e3878cde43901a3b7514eedb8, type: 3}
      propertyPath: m_LocalRotation.y
      value: -0
      objectReference: {fileID: 0}
    - target: {fileID: 438792, guid: d966b42e3878cde43901a3b7514eedb8, type: 3}
      propertyPath: m_LocalRotation.z
      value: -0
      objectReference: {fileID: 0}
    - target: {fileID: 438792, guid: d966b42e3878cde43901a3b7514eedb8, type: 3}
      propertyPath: m_LocalEulerAnglesHint.x
      value: 0
      objectReference: {fileID: 0}
    - target: {fileID: 438792, guid: d966b42e3878cde43901a3b7514eedb8, type: 3}
      propertyPath: m_LocalEulerAnglesHint.y
      value: 0
      objectReference: {fileID: 0}
    - target: {fileID: 438792, guid: d966b42e3878cde43901a3b7514eedb8, type: 3}
      propertyPath: m_LocalEulerAnglesHint.z
      value: 0
      objectReference: {fileID: 0}
    - target: {fileID: 2350162, guid: d966b42e3878cde43901a3b7514eedb8, type: 3}
      propertyPath: m_Materials.Array.data[0]
      value: 
      objectReference: {fileID: 2100000, guid: 6dcc9dc3addb65842bde943c128f15ca, type: 2}
    m_RemovedComponents: []
  m_SourcePrefab: {fileID: 100100000, guid: d966b42e3878cde43901a3b7514eedb8, type: 3}
--- !u!4 &1505863921343262810 stripped
Transform:
  m_CorrespondingSourceObject: {fileID: 438792, guid: d966b42e3878cde43901a3b7514eedb8,
    type: 3}
  m_PrefabInstance: {fileID: 1505863921343087186}
  m_PrefabAsset: {fileID: 0}
--- !u!1001 &1505863921557682296
PrefabInstance:
  m_ObjectHideFlags: 0
  serializedVersion: 2
  m_Modification:
    m_TransformParent: {fileID: 1505863922365385453}
    m_Modifications:
    - target: {fileID: 184960, guid: d966b42e3878cde43901a3b7514eedb8, type: 3}
      propertyPath: m_Name
      value: Floor_6x3 (1)
      objectReference: {fileID: 0}
    - target: {fileID: 438792, guid: d966b42e3878cde43901a3b7514eedb8, type: 3}
      propertyPath: m_RootOrder
      value: 2
      objectReference: {fileID: 0}
    - target: {fileID: 438792, guid: d966b42e3878cde43901a3b7514eedb8, type: 3}
      propertyPath: m_LocalPosition.x
      value: 3
      objectReference: {fileID: 0}
    - target: {fileID: 438792, guid: d966b42e3878cde43901a3b7514eedb8, type: 3}
      propertyPath: m_LocalPosition.y
      value: 0
      objectReference: {fileID: 0}
    - target: {fileID: 438792, guid: d966b42e3878cde43901a3b7514eedb8, type: 3}
      propertyPath: m_LocalPosition.z
      value: -6
      objectReference: {fileID: 0}
    - target: {fileID: 438792, guid: d966b42e3878cde43901a3b7514eedb8, type: 3}
      propertyPath: m_LocalRotation.w
      value: 0.7071078
      objectReference: {fileID: 0}
    - target: {fileID: 438792, guid: d966b42e3878cde43901a3b7514eedb8, type: 3}
      propertyPath: m_LocalRotation.x
      value: -0.0000009611249
      objectReference: {fileID: 0}
    - target: {fileID: 438792, guid: d966b42e3878cde43901a3b7514eedb8, type: 3}
      propertyPath: m_LocalRotation.y
      value: 0.0000010356307
      objectReference: {fileID: 0}
    - target: {fileID: 438792, guid: d966b42e3878cde43901a3b7514eedb8, type: 3}
      propertyPath: m_LocalRotation.z
      value: 0.7071059
      objectReference: {fileID: 0}
    - target: {fileID: 438792, guid: d966b42e3878cde43901a3b7514eedb8, type: 3}
      propertyPath: m_LocalEulerAnglesHint.x
      value: 0
      objectReference: {fileID: 0}
    - target: {fileID: 438792, guid: d966b42e3878cde43901a3b7514eedb8, type: 3}
      propertyPath: m_LocalEulerAnglesHint.y
      value: 0
      objectReference: {fileID: 0}
    - target: {fileID: 438792, guid: d966b42e3878cde43901a3b7514eedb8, type: 3}
      propertyPath: m_LocalEulerAnglesHint.z
      value: 90
      objectReference: {fileID: 0}
    - target: {fileID: 2350162, guid: d966b42e3878cde43901a3b7514eedb8, type: 3}
      propertyPath: m_Materials.Array.data[0]
      value: 
      objectReference: {fileID: 2100000, guid: 6dcc9dc3addb65842bde943c128f15ca, type: 2}
    m_RemovedComponents: []
  m_SourcePrefab: {fileID: 100100000, guid: d966b42e3878cde43901a3b7514eedb8, type: 3}
--- !u!4 &1505863921557506672 stripped
Transform:
  m_CorrespondingSourceObject: {fileID: 438792, guid: d966b42e3878cde43901a3b7514eedb8,
    type: 3}
  m_PrefabInstance: {fileID: 1505863921557682296}
  m_PrefabAsset: {fileID: 0}
--- !u!1001 &1505863921648929978
PrefabInstance:
  m_ObjectHideFlags: 0
  serializedVersion: 2
  m_Modification:
    m_TransformParent: {fileID: 1505863921712077996}
    m_Modifications:
    - target: {fileID: 184960, guid: d966b42e3878cde43901a3b7514eedb8, type: 3}
      propertyPath: m_Name
      value: Floor_6x3 (2)
      objectReference: {fileID: 0}
    - target: {fileID: 438792, guid: d966b42e3878cde43901a3b7514eedb8, type: 3}
      propertyPath: m_RootOrder
      value: 1
      objectReference: {fileID: 0}
    - target: {fileID: 438792, guid: d966b42e3878cde43901a3b7514eedb8, type: 3}
      propertyPath: m_LocalPosition.x
      value: -6
      objectReference: {fileID: 0}
    - target: {fileID: 438792, guid: d966b42e3878cde43901a3b7514eedb8, type: 3}
      propertyPath: m_LocalPosition.y
      value: 0
      objectReference: {fileID: 0}
    - target: {fileID: 438792, guid: d966b42e3878cde43901a3b7514eedb8, type: 3}
      propertyPath: m_LocalPosition.z
      value: 3
      objectReference: {fileID: 0}
    - target: {fileID: 438792, guid: d966b42e3878cde43901a3b7514eedb8, type: 3}
      propertyPath: m_LocalRotation.w
      value: 0.7071068
      objectReference: {fileID: 0}
    - target: {fileID: 438792, guid: d966b42e3878cde43901a3b7514eedb8, type: 3}
      propertyPath: m_LocalRotation.x
      value: -0.7071068
      objectReference: {fileID: 0}
    - target: {fileID: 438792, guid: d966b42e3878cde43901a3b7514eedb8, type: 3}
      propertyPath: m_LocalRotation.y
      value: -0
      objectReference: {fileID: 0}
    - target: {fileID: 438792, guid: d966b42e3878cde43901a3b7514eedb8, type: 3}
      propertyPath: m_LocalRotation.z
      value: -0
      objectReference: {fileID: 0}
    - target: {fileID: 438792, guid: d966b42e3878cde43901a3b7514eedb8, type: 3}
      propertyPath: m_LocalEulerAnglesHint.x
      value: 0
      objectReference: {fileID: 0}
    - target: {fileID: 438792, guid: d966b42e3878cde43901a3b7514eedb8, type: 3}
      propertyPath: m_LocalEulerAnglesHint.y
      value: 0
      objectReference: {fileID: 0}
    - target: {fileID: 438792, guid: d966b42e3878cde43901a3b7514eedb8, type: 3}
      propertyPath: m_LocalEulerAnglesHint.z
      value: 0
      objectReference: {fileID: 0}
    - target: {fileID: 2350162, guid: d966b42e3878cde43901a3b7514eedb8, type: 3}
      propertyPath: m_Materials.Array.data[0]
      value: 
      objectReference: {fileID: 2100000, guid: 6dcc9dc3addb65842bde943c128f15ca, type: 2}
    m_RemovedComponents: []
  m_SourcePrefab: {fileID: 100100000, guid: d966b42e3878cde43901a3b7514eedb8, type: 3}
--- !u!4 &1505863921648582322 stripped
Transform:
  m_CorrespondingSourceObject: {fileID: 438792, guid: d966b42e3878cde43901a3b7514eedb8,
    type: 3}
  m_PrefabInstance: {fileID: 1505863921648929978}
  m_PrefabAsset: {fileID: 0}
--- !u!1001 &1505863921691042217
PrefabInstance:
  m_ObjectHideFlags: 0
  serializedVersion: 2
  m_Modification:
    m_TransformParent: {fileID: 1505863921712077996}
    m_Modifications:
    - target: {fileID: 184960, guid: d966b42e3878cde43901a3b7514eedb8, type: 3}
      propertyPath: m_Name
      value: Floor_6x3 (1)
      objectReference: {fileID: 0}
    - target: {fileID: 438792, guid: d966b42e3878cde43901a3b7514eedb8, type: 3}
      propertyPath: m_RootOrder
      value: 2
      objectReference: {fileID: 0}
    - target: {fileID: 438792, guid: d966b42e3878cde43901a3b7514eedb8, type: 3}
      propertyPath: m_LocalPosition.x
      value: 0
      objectReference: {fileID: 0}
    - target: {fileID: 438792, guid: d966b42e3878cde43901a3b7514eedb8, type: 3}
      propertyPath: m_LocalPosition.y
      value: 0
      objectReference: {fileID: 0}
    - target: {fileID: 438792, guid: d966b42e3878cde43901a3b7514eedb8, type: 3}
      propertyPath: m_LocalPosition.z
      value: 0
      objectReference: {fileID: 0}
    - target: {fileID: 438792, guid: d966b42e3878cde43901a3b7514eedb8, type: 3}
      propertyPath: m_LocalRotation.w
      value: 0.5000008
      objectReference: {fileID: 0}
    - target: {fileID: 438792, guid: d966b42e3878cde43901a3b7514eedb8, type: 3}
      propertyPath: m_LocalRotation.x
      value: -0.5000008
      objectReference: {fileID: 0}
    - target: {fileID: 438792, guid: d966b42e3878cde43901a3b7514eedb8, type: 3}
      propertyPath: m_LocalRotation.y
      value: -0.49999923
      objectReference: {fileID: 0}
    - target: {fileID: 438792, guid: d966b42e3878cde43901a3b7514eedb8, type: 3}
      propertyPath: m_LocalRotation.z
      value: 0.49999923
      objectReference: {fileID: 0}
    - target: {fileID: 438792, guid: d966b42e3878cde43901a3b7514eedb8, type: 3}
      propertyPath: m_LocalEulerAnglesHint.x
      value: 0
      objectReference: {fileID: 0}
    - target: {fileID: 438792, guid: d966b42e3878cde43901a3b7514eedb8, type: 3}
      propertyPath: m_LocalEulerAnglesHint.y
      value: -90
      objectReference: {fileID: 0}
    - target: {fileID: 438792, guid: d966b42e3878cde43901a3b7514eedb8, type: 3}
      propertyPath: m_LocalEulerAnglesHint.z
      value: 90
      objectReference: {fileID: 0}
    - target: {fileID: 2350162, guid: d966b42e3878cde43901a3b7514eedb8, type: 3}
      propertyPath: m_Materials.Array.data[0]
      value: 
      objectReference: {fileID: 2100000, guid: 6dcc9dc3addb65842bde943c128f15ca, type: 2}
    m_RemovedComponents: []
  m_SourcePrefab: {fileID: 100100000, guid: d966b42e3878cde43901a3b7514eedb8, type: 3}
--- !u!4 &1505863921691399073 stripped
Transform:
  m_CorrespondingSourceObject: {fileID: 438792, guid: d966b42e3878cde43901a3b7514eedb8,
    type: 3}
  m_PrefabInstance: {fileID: 1505863921691042217}
  m_PrefabAsset: {fileID: 0}
--- !u!1001 &1505863921887433758
PrefabInstance:
  m_ObjectHideFlags: 0
  serializedVersion: 2
  m_Modification:
    m_TransformParent: {fileID: 1505863923150954400}
    m_Modifications:
    - target: {fileID: 184960, guid: d966b42e3878cde43901a3b7514eedb8, type: 3}
      propertyPath: m_Name
      value: Floor_6x3
      objectReference: {fileID: 0}
    - target: {fileID: 438792, guid: d966b42e3878cde43901a3b7514eedb8, type: 3}
      propertyPath: m_RootOrder
      value: 1
      objectReference: {fileID: 0}
    - target: {fileID: 438792, guid: d966b42e3878cde43901a3b7514eedb8, type: 3}
      propertyPath: m_LocalPosition.x
      value: 2.9999995
      objectReference: {fileID: 0}
    - target: {fileID: 438792, guid: d966b42e3878cde43901a3b7514eedb8, type: 3}
      propertyPath: m_LocalPosition.y
      value: 0
      objectReference: {fileID: 0}
    - target: {fileID: 438792, guid: d966b42e3878cde43901a3b7514eedb8, type: 3}
      propertyPath: m_LocalPosition.z
      value: 0
      objectReference: {fileID: 0}
    - target: {fileID: 438792, guid: d966b42e3878cde43901a3b7514eedb8, type: 3}
      propertyPath: m_LocalRotation.w
      value: 0.5000007
      objectReference: {fileID: 0}
    - target: {fileID: 438792, guid: d966b42e3878cde43901a3b7514eedb8, type: 3}
      propertyPath: m_LocalRotation.x
      value: -0.5000007
      objectReference: {fileID: 0}
    - target: {fileID: 438792, guid: d966b42e3878cde43901a3b7514eedb8, type: 3}
      propertyPath: m_LocalRotation.y
      value: 0.4999993
      objectReference: {fileID: 0}
    - target: {fileID: 438792, guid: d966b42e3878cde43901a3b7514eedb8, type: 3}
      propertyPath: m_LocalRotation.z
      value: 0.4999993
      objectReference: {fileID: 0}
    - target: {fileID: 438792, guid: d966b42e3878cde43901a3b7514eedb8, type: 3}
      propertyPath: m_LocalEulerAnglesHint.x
      value: -90
      objectReference: {fileID: 0}
    - target: {fileID: 438792, guid: d966b42e3878cde43901a3b7514eedb8, type: 3}
      propertyPath: m_LocalEulerAnglesHint.y
      value: 0
      objectReference: {fileID: 0}
    - target: {fileID: 438792, guid: d966b42e3878cde43901a3b7514eedb8, type: 3}
      propertyPath: m_LocalEulerAnglesHint.z
      value: 90
      objectReference: {fileID: 0}
    - target: {fileID: 2350162, guid: d966b42e3878cde43901a3b7514eedb8, type: 3}
      propertyPath: m_Materials.Array.data[0]
      value: 
      objectReference: {fileID: 2100000, guid: 6dcc9dc3addb65842bde943c128f15ca, type: 2}
    m_RemovedComponents: []
  m_SourcePrefab: {fileID: 100100000, guid: d966b42e3878cde43901a3b7514eedb8, type: 3}
--- !u!4 &1505863921887340054 stripped
Transform:
  m_CorrespondingSourceObject: {fileID: 438792, guid: d966b42e3878cde43901a3b7514eedb8,
    type: 3}
  m_PrefabInstance: {fileID: 1505863921887433758}
  m_PrefabAsset: {fileID: 0}
--- !u!1001 &1505863921905657643
PrefabInstance:
  m_ObjectHideFlags: 0
  serializedVersion: 2
  m_Modification:
    m_TransformParent: {fileID: 1505863921712077996}
    m_Modifications:
    - target: {fileID: 184960, guid: d966b42e3878cde43901a3b7514eedb8, type: 3}
      propertyPath: m_Name
      value: Floor_6x3 (4)
      objectReference: {fileID: 0}
    - target: {fileID: 438792, guid: d966b42e3878cde43901a3b7514eedb8, type: 3}
      propertyPath: m_RootOrder
      value: 4
      objectReference: {fileID: 0}
    - target: {fileID: 438792, guid: d966b42e3878cde43901a3b7514eedb8, type: 3}
      propertyPath: m_LocalPosition.x
      value: 0.00028038025
      objectReference: {fileID: 0}
    - target: {fileID: 438792, guid: d966b42e3878cde43901a3b7514eedb8, type: 3}
      propertyPath: m_LocalPosition.y
      value: 0
      objectReference: {fileID: 0}
    - target: {fileID: 438792, guid: d966b42e3878cde43901a3b7514eedb8, type: 3}
      propertyPath: m_LocalPosition.z
      value: 5.99971
      objectReference: {fileID: 0}
    - target: {fileID: 438792, guid: d966b42e3878cde43901a3b7514eedb8, type: 3}
      propertyPath: m_LocalRotation.w
      value: 0.0000023469327
      objectReference: {fileID: 0}
    - target: {fileID: 438792, guid: d966b42e3878cde43901a3b7514eedb8, type: 3}
      propertyPath: m_LocalRotation.x
      value: -0.7071069
      objectReference: {fileID: 0}
    - target: {fileID: 438792, guid: d966b42e3878cde43901a3b7514eedb8, type: 3}
      propertyPath: m_LocalRotation.y
      value: -0.7071067
      objectReference: {fileID: 0}
    - target: {fileID: 438792, guid: d966b42e3878cde43901a3b7514eedb8, type: 3}
      propertyPath: m_LocalRotation.z
      value: 0.0000000745058
      objectReference: {fileID: 0}
    - target: {fileID: 438792, guid: d966b42e3878cde43901a3b7514eedb8, type: 3}
      propertyPath: m_LocalEulerAnglesHint.x
      value: 0
      objectReference: {fileID: 0}
    - target: {fileID: 438792, guid: d966b42e3878cde43901a3b7514eedb8, type: 3}
      propertyPath: m_LocalEulerAnglesHint.y
      value: -180
      objectReference: {fileID: 0}
    - target: {fileID: 438792, guid: d966b42e3878cde43901a3b7514eedb8, type: 3}
      propertyPath: m_LocalEulerAnglesHint.z
      value: 90
      objectReference: {fileID: 0}
    - target: {fileID: 2350162, guid: d966b42e3878cde43901a3b7514eedb8, type: 3}
      propertyPath: m_Materials.Array.data[0]
      value: 
      objectReference: {fileID: 2100000, guid: 6dcc9dc3addb65842bde943c128f15ca, type: 2}
    m_RemovedComponents: []
  m_SourcePrefab: {fileID: 100100000, guid: d966b42e3878cde43901a3b7514eedb8, type: 3}
--- !u!4 &1505863921905816867 stripped
Transform:
  m_CorrespondingSourceObject: {fileID: 438792, guid: d966b42e3878cde43901a3b7514eedb8,
    type: 3}
  m_PrefabInstance: {fileID: 1505863921905657643}
  m_PrefabAsset: {fileID: 0}
--- !u!1001 &1505863922066042399
PrefabInstance:
  m_ObjectHideFlags: 0
  serializedVersion: 2
  m_Modification:
    m_TransformParent: {fileID: 1505863923150954400}
    m_Modifications:
    - target: {fileID: 184960, guid: d966b42e3878cde43901a3b7514eedb8, type: 3}
      propertyPath: m_Name
      value: Floor_6x3 (1)
      objectReference: {fileID: 0}
    - target: {fileID: 438792, guid: d966b42e3878cde43901a3b7514eedb8, type: 3}
      propertyPath: m_RootOrder
      value: 2
      objectReference: {fileID: 0}
    - target: {fileID: 438792, guid: d966b42e3878cde43901a3b7514eedb8, type: 3}
      propertyPath: m_LocalPosition.x
      value: 3
      objectReference: {fileID: 0}
    - target: {fileID: 438792, guid: d966b42e3878cde43901a3b7514eedb8, type: 3}
      propertyPath: m_LocalPosition.y
      value: 0
      objectReference: {fileID: 0}
    - target: {fileID: 438792, guid: d966b42e3878cde43901a3b7514eedb8, type: 3}
      propertyPath: m_LocalPosition.z
      value: -6
      objectReference: {fileID: 0}
    - target: {fileID: 438792, guid: d966b42e3878cde43901a3b7514eedb8, type: 3}
      propertyPath: m_LocalRotation.w
      value: 0.7071078
      objectReference: {fileID: 0}
    - target: {fileID: 438792, guid: d966b42e3878cde43901a3b7514eedb8, type: 3}
      propertyPath: m_LocalRotation.x
      value: -0.0000009611249
      objectReference: {fileID: 0}
    - target: {fileID: 438792, guid: d966b42e3878cde43901a3b7514eedb8, type: 3}
      propertyPath: m_LocalRotation.y
      value: 0.0000010356307
      objectReference: {fileID: 0}
    - target: {fileID: 438792, guid: d966b42e3878cde43901a3b7514eedb8, type: 3}
      propertyPath: m_LocalRotation.z
      value: 0.7071059
      objectReference: {fileID: 0}
    - target: {fileID: 438792, guid: d966b42e3878cde43901a3b7514eedb8, type: 3}
      propertyPath: m_LocalEulerAnglesHint.x
      value: 0
      objectReference: {fileID: 0}
    - target: {fileID: 438792, guid: d966b42e3878cde43901a3b7514eedb8, type: 3}
      propertyPath: m_LocalEulerAnglesHint.y
      value: 0
      objectReference: {fileID: 0}
    - target: {fileID: 438792, guid: d966b42e3878cde43901a3b7514eedb8, type: 3}
      propertyPath: m_LocalEulerAnglesHint.z
      value: 90
      objectReference: {fileID: 0}
    - target: {fileID: 2350162, guid: d966b42e3878cde43901a3b7514eedb8, type: 3}
      propertyPath: m_Materials.Array.data[0]
      value: 
      objectReference: {fileID: 2100000, guid: 6dcc9dc3addb65842bde943c128f15ca, type: 2}
    m_RemovedComponents: []
  m_SourcePrefab: {fileID: 100100000, guid: d966b42e3878cde43901a3b7514eedb8, type: 3}
--- !u!4 &1505863922066136087 stripped
Transform:
  m_CorrespondingSourceObject: {fileID: 438792, guid: d966b42e3878cde43901a3b7514eedb8,
    type: 3}
  m_PrefabInstance: {fileID: 1505863922066042399}
  m_PrefabAsset: {fileID: 0}
--- !u!1001 &1505863922406606068
PrefabInstance:
  m_ObjectHideFlags: 0
  serializedVersion: 2
  m_Modification:
    m_TransformParent: {fileID: 1505863923150954400}
    m_Modifications:
    - target: {fileID: -8679921383154817045, guid: 40970681cc670ca4f924756b743d2829,
        type: 3}
      propertyPath: m_RootOrder
      value: 0
      objectReference: {fileID: 0}
    - target: {fileID: -8679921383154817045, guid: 40970681cc670ca4f924756b743d2829,
        type: 3}
      propertyPath: m_LocalPosition.x
      value: 9
      objectReference: {fileID: 0}
    - target: {fileID: -8679921383154817045, guid: 40970681cc670ca4f924756b743d2829,
        type: 3}
      propertyPath: m_LocalPosition.y
      value: 0
      objectReference: {fileID: 0}
    - target: {fileID: -8679921383154817045, guid: 40970681cc670ca4f924756b743d2829,
        type: 3}
      propertyPath: m_LocalPosition.z
      value: 0
      objectReference: {fileID: 0}
    - target: {fileID: -8679921383154817045, guid: 40970681cc670ca4f924756b743d2829,
        type: 3}
      propertyPath: m_LocalRotation.w
      value: 1
      objectReference: {fileID: 0}
    - target: {fileID: -8679921383154817045, guid: 40970681cc670ca4f924756b743d2829,
        type: 3}
      propertyPath: m_LocalRotation.x
      value: -0
      objectReference: {fileID: 0}
    - target: {fileID: -8679921383154817045, guid: 40970681cc670ca4f924756b743d2829,
        type: 3}
      propertyPath: m_LocalRotation.y
      value: -0
      objectReference: {fileID: 0}
    - target: {fileID: -8679921383154817045, guid: 40970681cc670ca4f924756b743d2829,
        type: 3}
      propertyPath: m_LocalRotation.z
      value: -0
      objectReference: {fileID: 0}
    - target: {fileID: -8679921383154817045, guid: 40970681cc670ca4f924756b743d2829,
        type: 3}
      propertyPath: m_LocalEulerAnglesHint.x
      value: 0
      objectReference: {fileID: 0}
    - target: {fileID: -8679921383154817045, guid: 40970681cc670ca4f924756b743d2829,
        type: 3}
      propertyPath: m_LocalEulerAnglesHint.y
      value: 0
      objectReference: {fileID: 0}
    - target: {fileID: -8679921383154817045, guid: 40970681cc670ca4f924756b743d2829,
        type: 3}
      propertyPath: m_LocalEulerAnglesHint.z
      value: 0
      objectReference: {fileID: 0}
    - target: {fileID: 919132149155446097, guid: 40970681cc670ca4f924756b743d2829,
        type: 3}
      propertyPath: m_Name
      value: Ramp (3)
      objectReference: {fileID: 0}
    m_RemovedComponents: []
  m_SourcePrefab: {fileID: 100100000, guid: 40970681cc670ca4f924756b743d2829, type: 3}
--- !u!4 &1400441634644173599 stripped
Transform:
  m_CorrespondingSourceObject: {fileID: -8679921383154817045, guid: 40970681cc670ca4f924756b743d2829,
    type: 3}
  m_PrefabInstance: {fileID: 1505863922406606068}
  m_PrefabAsset: {fileID: 0}
--- !u!1001 &1505863922533085487
PrefabInstance:
  m_ObjectHideFlags: 0
  serializedVersion: 2
  m_Modification:
    m_TransformParent: {fileID: 1505863921329116017}
    m_Modifications:
    - target: {fileID: 179902, guid: 7545eaf8405f7144c8440e461f3453ef, type: 3}
      propertyPath: m_Name
      value: Floor_6x2
      objectReference: {fileID: 0}
    - target: {fileID: 440350, guid: 7545eaf8405f7144c8440e461f3453ef, type: 3}
      propertyPath: m_RootOrder
      value: 0
      objectReference: {fileID: 0}
    - target: {fileID: 440350, guid: 7545eaf8405f7144c8440e461f3453ef, type: 3}
      propertyPath: m_LocalPosition.x
      value: 0
      objectReference: {fileID: 0}
    - target: {fileID: 440350, guid: 7545eaf8405f7144c8440e461f3453ef, type: 3}
      propertyPath: m_LocalPosition.y
      value: 0
      objectReference: {fileID: 0}
    - target: {fileID: 440350, guid: 7545eaf8405f7144c8440e461f3453ef, type: 3}
      propertyPath: m_LocalPosition.z
      value: -6
      objectReference: {fileID: 0}
    - target: {fileID: 440350, guid: 7545eaf8405f7144c8440e461f3453ef, type: 3}
      propertyPath: m_LocalRotation.w
      value: 0.7071068
      objectReference: {fileID: 0}
    - target: {fileID: 440350, guid: 7545eaf8405f7144c8440e461f3453ef, type: 3}
      propertyPath: m_LocalRotation.x
      value: -0.7071068
      objectReference: {fileID: 0}
    - target: {fileID: 440350, guid: 7545eaf8405f7144c8440e461f3453ef, type: 3}
      propertyPath: m_LocalRotation.y
      value: -0
      objectReference: {fileID: 0}
    - target: {fileID: 440350, guid: 7545eaf8405f7144c8440e461f3453ef, type: 3}
      propertyPath: m_LocalRotation.z
      value: -0
      objectReference: {fileID: 0}
    - target: {fileID: 440350, guid: 7545eaf8405f7144c8440e461f3453ef, type: 3}
      propertyPath: m_LocalEulerAnglesHint.x
      value: 0
      objectReference: {fileID: 0}
    - target: {fileID: 440350, guid: 7545eaf8405f7144c8440e461f3453ef, type: 3}
      propertyPath: m_LocalEulerAnglesHint.y
      value: 0
      objectReference: {fileID: 0}
    - target: {fileID: 440350, guid: 7545eaf8405f7144c8440e461f3453ef, type: 3}
      propertyPath: m_LocalEulerAnglesHint.z
      value: 0
      objectReference: {fileID: 0}
    - target: {fileID: 2397076, guid: 7545eaf8405f7144c8440e461f3453ef, type: 3}
      propertyPath: m_Materials.Array.data[0]
      value: 
      objectReference: {fileID: 2100000, guid: 6dcc9dc3addb65842bde943c128f15ca, type: 2}
    m_RemovedComponents: []
  m_SourcePrefab: {fileID: 100100000, guid: 7545eaf8405f7144c8440e461f3453ef, type: 3}
--- !u!4 &1505863922533501233 stripped
Transform:
  m_CorrespondingSourceObject: {fileID: 440350, guid: 7545eaf8405f7144c8440e461f3453ef,
    type: 3}
  m_PrefabInstance: {fileID: 1505863922533085487}
  m_PrefabAsset: {fileID: 0}
--- !u!1001 &1505863922612512639
PrefabInstance:
  m_ObjectHideFlags: 0
  serializedVersion: 2
  m_Modification:
    m_TransformParent: {fileID: 1505863922365385453}
    m_Modifications:
    - target: {fileID: 184960, guid: d966b42e3878cde43901a3b7514eedb8, type: 3}
      propertyPath: m_Name
      value: Floor_6x3
      objectReference: {fileID: 0}
    - target: {fileID: 438792, guid: d966b42e3878cde43901a3b7514eedb8, type: 3}
      propertyPath: m_RootOrder
      value: 1
      objectReference: {fileID: 0}
    - target: {fileID: 438792, guid: d966b42e3878cde43901a3b7514eedb8, type: 3}
      propertyPath: m_LocalPosition.x
      value: 2.9999995
      objectReference: {fileID: 0}
    - target: {fileID: 438792, guid: d966b42e3878cde43901a3b7514eedb8, type: 3}
      propertyPath: m_LocalPosition.y
      value: 0
      objectReference: {fileID: 0}
    - target: {fileID: 438792, guid: d966b42e3878cde43901a3b7514eedb8, type: 3}
      propertyPath: m_LocalPosition.z
      value: 0
      objectReference: {fileID: 0}
    - target: {fileID: 438792, guid: d966b42e3878cde43901a3b7514eedb8, type: 3}
      propertyPath: m_LocalRotation.w
      value: 0.5000007
      objectReference: {fileID: 0}
    - target: {fileID: 438792, guid: d966b42e3878cde43901a3b7514eedb8, type: 3}
      propertyPath: m_LocalRotation.x
      value: -0.5000007
      objectReference: {fileID: 0}
    - target: {fileID: 438792, guid: d966b42e3878cde43901a3b7514eedb8, type: 3}
      propertyPath: m_LocalRotation.y
      value: 0.4999993
      objectReference: {fileID: 0}
    - target: {fileID: 438792, guid: d966b42e3878cde43901a3b7514eedb8, type: 3}
      propertyPath: m_LocalRotation.z
      value: 0.4999993
      objectReference: {fileID: 0}
    - target: {fileID: 438792, guid: d966b42e3878cde43901a3b7514eedb8, type: 3}
      propertyPath: m_LocalEulerAnglesHint.x
      value: -90
      objectReference: {fileID: 0}
    - target: {fileID: 438792, guid: d966b42e3878cde43901a3b7514eedb8, type: 3}
      propertyPath: m_LocalEulerAnglesHint.y
      value: 0
      objectReference: {fileID: 0}
    - target: {fileID: 438792, guid: d966b42e3878cde43901a3b7514eedb8, type: 3}
      propertyPath: m_LocalEulerAnglesHint.z
      value: 90
      objectReference: {fileID: 0}
    - target: {fileID: 2350162, guid: d966b42e3878cde43901a3b7514eedb8, type: 3}
      propertyPath: m_Materials.Array.data[0]
      value: 
      objectReference: {fileID: 2100000, guid: 6dcc9dc3addb65842bde943c128f15ca, type: 2}
    m_RemovedComponents: []
  m_SourcePrefab: {fileID: 100100000, guid: d966b42e3878cde43901a3b7514eedb8, type: 3}
--- !u!4 &1505863922612409719 stripped
Transform:
  m_CorrespondingSourceObject: {fileID: 438792, guid: d966b42e3878cde43901a3b7514eedb8,
    type: 3}
  m_PrefabInstance: {fileID: 1505863922612512639}
  m_PrefabAsset: {fileID: 0}
--- !u!1001 &1505863922850839877
PrefabInstance:
  m_ObjectHideFlags: 0
  serializedVersion: 2
  m_Modification:
    m_TransformParent: {fileID: 1505863921712077996}
    m_Modifications:
    - target: {fileID: 184960, guid: d966b42e3878cde43901a3b7514eedb8, type: 3}
      propertyPath: m_Name
      value: Floor_6x3 (3)
      objectReference: {fileID: 0}
    - target: {fileID: 438792, guid: d966b42e3878cde43901a3b7514eedb8, type: 3}
      propertyPath: m_RootOrder
      value: 3
      objectReference: {fileID: 0}
    - target: {fileID: 438792, guid: d966b42e3878cde43901a3b7514eedb8, type: 3}
      propertyPath: m_LocalPosition.x
      value: 0
      objectReference: {fileID: 0}
    - target: {fileID: 438792, guid: d966b42e3878cde43901a3b7514eedb8, type: 3}
      propertyPath: m_LocalPosition.y
      value: 0
      objectReference: {fileID: 0}
    - target: {fileID: 438792, guid: d966b42e3878cde43901a3b7514eedb8, type: 3}
      propertyPath: m_LocalPosition.z
      value: 3
      objectReference: {fileID: 0}
    - target: {fileID: 438792, guid: d966b42e3878cde43901a3b7514eedb8, type: 3}
      propertyPath: m_LocalRotation.w
      value: 0.5000008
      objectReference: {fileID: 0}
    - target: {fileID: 438792, guid: d966b42e3878cde43901a3b7514eedb8, type: 3}
      propertyPath: m_LocalRotation.x
      value: -0.5000008
      objectReference: {fileID: 0}
    - target: {fileID: 438792, guid: d966b42e3878cde43901a3b7514eedb8, type: 3}
      propertyPath: m_LocalRotation.y
      value: -0.49999923
      objectReference: {fileID: 0}
    - target: {fileID: 438792, guid: d966b42e3878cde43901a3b7514eedb8, type: 3}
      propertyPath: m_LocalRotation.z
      value: 0.49999923
      objectReference: {fileID: 0}
    - target: {fileID: 438792, guid: d966b42e3878cde43901a3b7514eedb8, type: 3}
      propertyPath: m_LocalEulerAnglesHint.x
      value: 0
      objectReference: {fileID: 0}
    - target: {fileID: 438792, guid: d966b42e3878cde43901a3b7514eedb8, type: 3}
      propertyPath: m_LocalEulerAnglesHint.y
      value: -90
      objectReference: {fileID: 0}
    - target: {fileID: 438792, guid: d966b42e3878cde43901a3b7514eedb8, type: 3}
      propertyPath: m_LocalEulerAnglesHint.z
      value: 90
      objectReference: {fileID: 0}
    - target: {fileID: 2350162, guid: d966b42e3878cde43901a3b7514eedb8, type: 3}
      propertyPath: m_Materials.Array.data[0]
      value: 
      objectReference: {fileID: 2100000, guid: 6dcc9dc3addb65842bde943c128f15ca, type: 2}
    m_RemovedComponents: []
  m_SourcePrefab: {fileID: 100100000, guid: d966b42e3878cde43901a3b7514eedb8, type: 3}
--- !u!4 &1505863922851188557 stripped
Transform:
  m_CorrespondingSourceObject: {fileID: 438792, guid: d966b42e3878cde43901a3b7514eedb8,
    type: 3}
  m_PrefabInstance: {fileID: 1505863922850839877}
  m_PrefabAsset: {fileID: 0}
--- !u!1001 &1505863922894988624
PrefabInstance:
  m_ObjectHideFlags: 0
  serializedVersion: 2
  m_Modification:
    m_TransformParent: {fileID: 1505863921329116017}
    m_Modifications:
    - target: {fileID: 158132, guid: 1128b17c5401b064d83e38ecb7bdf899, type: 3}
      propertyPath: m_Name
      value: Floor_6x4
      objectReference: {fileID: 0}
    - target: {fileID: 458974, guid: 1128b17c5401b064d83e38ecb7bdf899, type: 3}
      propertyPath: m_RootOrder
      value: 2
      objectReference: {fileID: 0}
    - target: {fileID: 458974, guid: 1128b17c5401b064d83e38ecb7bdf899, type: 3}
      propertyPath: m_LocalPosition.x
      value: 0
      objectReference: {fileID: 0}
    - target: {fileID: 458974, guid: 1128b17c5401b064d83e38ecb7bdf899, type: 3}
      propertyPath: m_LocalPosition.y
      value: 4
      objectReference: {fileID: 0}
    - target: {fileID: 458974, guid: 1128b17c5401b064d83e38ecb7bdf899, type: 3}
      propertyPath: m_LocalPosition.z
      value: -5.9994507
      objectReference: {fileID: 0}
    - target: {fileID: 458974, guid: 1128b17c5401b064d83e38ecb7bdf899, type: 3}
      propertyPath: m_LocalRotation.w
      value: 1
      objectReference: {fileID: 0}
    - target: {fileID: 458974, guid: 1128b17c5401b064d83e38ecb7bdf899, type: 3}
      propertyPath: m_LocalRotation.x
      value: -0.0000014603138
      objectReference: {fileID: 0}
    - target: {fileID: 458974, guid: 1128b17c5401b064d83e38ecb7bdf899, type: 3}
      propertyPath: m_LocalRotation.y
      value: -0
      objectReference: {fileID: 0}
    - target: {fileID: 458974, guid: 1128b17c5401b064d83e38ecb7bdf899, type: 3}
      propertyPath: m_LocalRotation.z
      value: -0
      objectReference: {fileID: 0}
    - target: {fileID: 458974, guid: 1128b17c5401b064d83e38ecb7bdf899, type: 3}
      propertyPath: m_LocalEulerAnglesHint.x
      value: 0
      objectReference: {fileID: 0}
    - target: {fileID: 458974, guid: 1128b17c5401b064d83e38ecb7bdf899, type: 3}
      propertyPath: m_LocalEulerAnglesHint.y
      value: 0
      objectReference: {fileID: 0}
    - target: {fileID: 458974, guid: 1128b17c5401b064d83e38ecb7bdf899, type: 3}
      propertyPath: m_LocalEulerAnglesHint.z
      value: 0
      objectReference: {fileID: 0}
    - target: {fileID: 2308978, guid: 1128b17c5401b064d83e38ecb7bdf899, type: 3}
      propertyPath: m_Materials.Array.data[0]
      value: 
      objectReference: {fileID: 2100000, guid: 6dcc9dc3addb65842bde943c128f15ca, type: 2}
    m_RemovedComponents: []
  m_SourcePrefab: {fileID: 100100000, guid: 1128b17c5401b064d83e38ecb7bdf899, type: 3}
--- !u!4 &1505863922895054222 stripped
Transform:
  m_CorrespondingSourceObject: {fileID: 458974, guid: 1128b17c5401b064d83e38ecb7bdf899,
    type: 3}
  m_PrefabInstance: {fileID: 1505863922894988624}
  m_PrefabAsset: {fileID: 0}
--- !u!1001 &1505863922939171198
PrefabInstance:
  m_ObjectHideFlags: 0
  serializedVersion: 2
  m_Modification:
    m_TransformParent: {fileID: 1505863922365385453}
    m_Modifications:
    - target: {fileID: -8679921383154817045, guid: 40970681cc670ca4f924756b743d2829,
        type: 3}
      propertyPath: m_RootOrder
      value: 0
      objectReference: {fileID: 0}
    - target: {fileID: -8679921383154817045, guid: 40970681cc670ca4f924756b743d2829,
        type: 3}
      propertyPath: m_LocalPosition.x
      value: 3
      objectReference: {fileID: 0}
    - target: {fileID: -8679921383154817045, guid: 40970681cc670ca4f924756b743d2829,
        type: 3}
      propertyPath: m_LocalPosition.y
      value: 0
      objectReference: {fileID: 0}
    - target: {fileID: -8679921383154817045, guid: 40970681cc670ca4f924756b743d2829,
        type: 3}
      propertyPath: m_LocalPosition.z
      value: 0
      objectReference: {fileID: 0}
    - target: {fileID: -8679921383154817045, guid: 40970681cc670ca4f924756b743d2829,
        type: 3}
      propertyPath: m_LocalRotation.w
      value: 1
      objectReference: {fileID: 0}
    - target: {fileID: -8679921383154817045, guid: 40970681cc670ca4f924756b743d2829,
        type: 3}
      propertyPath: m_LocalRotation.x
      value: -0
      objectReference: {fileID: 0}
    - target: {fileID: -8679921383154817045, guid: 40970681cc670ca4f924756b743d2829,
        type: 3}
      propertyPath: m_LocalRotation.y
      value: -0
      objectReference: {fileID: 0}
    - target: {fileID: -8679921383154817045, guid: 40970681cc670ca4f924756b743d2829,
        type: 3}
      propertyPath: m_LocalRotation.z
      value: -0
      objectReference: {fileID: 0}
    - target: {fileID: -8679921383154817045, guid: 40970681cc670ca4f924756b743d2829,
        type: 3}
      propertyPath: m_LocalEulerAnglesHint.x
      value: 0
      objectReference: {fileID: 0}
    - target: {fileID: -8679921383154817045, guid: 40970681cc670ca4f924756b743d2829,
        type: 3}
      propertyPath: m_LocalEulerAnglesHint.y
      value: 0
      objectReference: {fileID: 0}
    - target: {fileID: -8679921383154817045, guid: 40970681cc670ca4f924756b743d2829,
        type: 3}
      propertyPath: m_LocalEulerAnglesHint.z
      value: 0
      objectReference: {fileID: 0}
    - target: {fileID: 919132149155446097, guid: 40970681cc670ca4f924756b743d2829,
        type: 3}
      propertyPath: m_Name
      value: Ramp (3)
      objectReference: {fileID: 0}
    m_RemovedComponents: []
  m_SourcePrefab: {fileID: 100100000, guid: 40970681cc670ca4f924756b743d2829, type: 3}
--- !u!4 &1400441634086254229 stripped
Transform:
  m_CorrespondingSourceObject: {fileID: -8679921383154817045, guid: 40970681cc670ca4f924756b743d2829,
    type: 3}
  m_PrefabInstance: {fileID: 1505863922939171198}
  m_PrefabAsset: {fileID: 0}
--- !u!1001 &1505863922950302887
PrefabInstance:
  m_ObjectHideFlags: 0
  serializedVersion: 2
  m_Modification:
    m_TransformParent: {fileID: 1505863921329116017}
    m_Modifications:
    - target: {fileID: 158132, guid: 1128b17c5401b064d83e38ecb7bdf899, type: 3}
      propertyPath: m_Name
      value: Floor_6x4
      objectReference: {fileID: 0}
    - target: {fileID: 458974, guid: 1128b17c5401b064d83e38ecb7bdf899, type: 3}
      propertyPath: m_RootOrder
      value: 1
      objectReference: {fileID: 0}
    - target: {fileID: 458974, guid: 1128b17c5401b064d83e38ecb7bdf899, type: 3}
      propertyPath: m_LocalPosition.x
      value: 0
      objectReference: {fileID: 0}
    - target: {fileID: 458974, guid: 1128b17c5401b064d83e38ecb7bdf899, type: 3}
      propertyPath: m_LocalPosition.y
      value: 0.00053977966
      objectReference: {fileID: 0}
    - target: {fileID: 458974, guid: 1128b17c5401b064d83e38ecb7bdf899, type: 3}
      propertyPath: m_LocalPosition.z
      value: -4
      objectReference: {fileID: 0}
    - target: {fileID: 458974, guid: 1128b17c5401b064d83e38ecb7bdf899, type: 3}
      propertyPath: m_LocalRotation.w
      value: 0.7071068
      objectReference: {fileID: 0}
    - target: {fileID: 458974, guid: 1128b17c5401b064d83e38ecb7bdf899, type: 3}
      propertyPath: m_LocalRotation.x
      value: -0.7071068
      objectReference: {fileID: 0}
    - target: {fileID: 458974, guid: 1128b17c5401b064d83e38ecb7bdf899, type: 3}
      propertyPath: m_LocalRotation.y
      value: -0
      objectReference: {fileID: 0}
    - target: {fileID: 458974, guid: 1128b17c5401b064d83e38ecb7bdf899, type: 3}
      propertyPath: m_LocalRotation.z
      value: -0
      objectReference: {fileID: 0}
    - target: {fileID: 458974, guid: 1128b17c5401b064d83e38ecb7bdf899, type: 3}
      propertyPath: m_LocalEulerAnglesHint.x
      value: 0
      objectReference: {fileID: 0}
    - target: {fileID: 458974, guid: 1128b17c5401b064d83e38ecb7bdf899, type: 3}
      propertyPath: m_LocalEulerAnglesHint.y
      value: 0
      objectReference: {fileID: 0}
    - target: {fileID: 458974, guid: 1128b17c5401b064d83e38ecb7bdf899, type: 3}
      propertyPath: m_LocalEulerAnglesHint.z
      value: 0
      objectReference: {fileID: 0}
    - target: {fileID: 2308978, guid: 1128b17c5401b064d83e38ecb7bdf899, type: 3}
      propertyPath: m_Materials.Array.data[0]
      value: 
      objectReference: {fileID: 2100000, guid: 6dcc9dc3addb65842bde943c128f15ca, type: 2}
    m_RemovedComponents: []
  m_SourcePrefab: {fileID: 100100000, guid: 1128b17c5401b064d83e38ecb7bdf899, type: 3}
--- !u!4 &1505863922949844089 stripped
Transform:
  m_CorrespondingSourceObject: {fileID: 458974, guid: 1128b17c5401b064d83e38ecb7bdf899,
    type: 3}
  m_PrefabInstance: {fileID: 1505863922950302887}
  m_PrefabAsset: {fileID: 0}
--- !u!1001 &1505863922965357112
PrefabInstance:
  m_ObjectHideFlags: 0
  serializedVersion: 2
  m_Modification:
    m_TransformParent: {fileID: 1505863922031371111}
    m_Modifications:
    - target: {fileID: 184960, guid: d966b42e3878cde43901a3b7514eedb8, type: 3}
      propertyPath: m_Name
      value: Floor_6x3
      objectReference: {fileID: 0}
    - target: {fileID: 438792, guid: d966b42e3878cde43901a3b7514eedb8, type: 3}
      propertyPath: m_RootOrder
      value: 0
      objectReference: {fileID: 0}
    - target: {fileID: 438792, guid: d966b42e3878cde43901a3b7514eedb8, type: 3}
      propertyPath: m_LocalPosition.x
      value: -6
      objectReference: {fileID: 0}
    - target: {fileID: 438792, guid: d966b42e3878cde43901a3b7514eedb8, type: 3}
      propertyPath: m_LocalPosition.y
      value: 0
      objectReference: {fileID: 0}
    - target: {fileID: 438792, guid: d966b42e3878cde43901a3b7514eedb8, type: 3}
      propertyPath: m_LocalPosition.z
      value: 0
      objectReference: {fileID: 0}
    - target: {fileID: 438792, guid: d966b42e3878cde43901a3b7514eedb8, type: 3}
      propertyPath: m_LocalRotation.w
      value: 0.7071068
      objectReference: {fileID: 0}
    - target: {fileID: 438792, guid: d966b42e3878cde43901a3b7514eedb8, type: 3}
      propertyPath: m_LocalRotation.x
      value: -0.7071068
      objectReference: {fileID: 0}
    - target: {fileID: 438792, guid: d966b42e3878cde43901a3b7514eedb8, type: 3}
      propertyPath: m_LocalRotation.y
      value: -0
      objectReference: {fileID: 0}
    - target: {fileID: 438792, guid: d966b42e3878cde43901a3b7514eedb8, type: 3}
      propertyPath: m_LocalRotation.z
      value: -0
      objectReference: {fileID: 0}
    - target: {fileID: 438792, guid: d966b42e3878cde43901a3b7514eedb8, type: 3}
      propertyPath: m_LocalEulerAnglesHint.x
      value: 0
      objectReference: {fileID: 0}
    - target: {fileID: 438792, guid: d966b42e3878cde43901a3b7514eedb8, type: 3}
      propertyPath: m_LocalEulerAnglesHint.y
      value: 0
      objectReference: {fileID: 0}
    - target: {fileID: 438792, guid: d966b42e3878cde43901a3b7514eedb8, type: 3}
      propertyPath: m_LocalEulerAnglesHint.z
      value: 0
      objectReference: {fileID: 0}
    - target: {fileID: 2350162, guid: d966b42e3878cde43901a3b7514eedb8, type: 3}
      propertyPath: m_Materials.Array.data[0]
      value: 
      objectReference: {fileID: 2100000, guid: 6dcc9dc3addb65842bde943c128f15ca, type: 2}
    m_RemovedComponents: []
  m_SourcePrefab: {fileID: 100100000, guid: d966b42e3878cde43901a3b7514eedb8, type: 3}
--- !u!4 &1505863922965254192 stripped
Transform:
  m_CorrespondingSourceObject: {fileID: 438792, guid: d966b42e3878cde43901a3b7514eedb8,
    type: 3}
  m_PrefabInstance: {fileID: 1505863922965357112}
  m_PrefabAsset: {fileID: 0}
--- !u!1001 &1505863923038842284
PrefabInstance:
  m_ObjectHideFlags: 0
  serializedVersion: 2
  m_Modification:
    m_TransformParent: {fileID: 1505863921712077996}
    m_Modifications:
    - target: {fileID: 184960, guid: d966b42e3878cde43901a3b7514eedb8, type: 3}
      propertyPath: m_Name
      value: Floor_6x3 (5)
      objectReference: {fileID: 0}
    - target: {fileID: 438792, guid: d966b42e3878cde43901a3b7514eedb8, type: 3}
      propertyPath: m_RootOrder
      value: 5
      objectReference: {fileID: 0}
    - target: {fileID: 438792, guid: d966b42e3878cde43901a3b7514eedb8, type: 3}
      propertyPath: m_LocalPosition.x
      value: -2.999711
      objectReference: {fileID: 0}
    - target: {fileID: 438792, guid: d966b42e3878cde43901a3b7514eedb8, type: 3}
      propertyPath: m_LocalPosition.y
      value: 0
      objectReference: {fileID: 0}
    - target: {fileID: 438792, guid: d966b42e3878cde43901a3b7514eedb8, type: 3}
      propertyPath: m_LocalPosition.z
      value: 5.99971
      objectReference: {fileID: 0}
    - target: {fileID: 438792, guid: d966b42e3878cde43901a3b7514eedb8, type: 3}
      propertyPath: m_LocalRotation.w
      value: 0.0000023469327
      objectReference: {fileID: 0}
    - target: {fileID: 438792, guid: d966b42e3878cde43901a3b7514eedb8, type: 3}
      propertyPath: m_LocalRotation.x
      value: -0.7071069
      objectReference: {fileID: 0}
    - target: {fileID: 438792, guid: d966b42e3878cde43901a3b7514eedb8, type: 3}
      propertyPath: m_LocalRotation.y
      value: -0.7071067
      objectReference: {fileID: 0}
    - target: {fileID: 438792, guid: d966b42e3878cde43901a3b7514eedb8, type: 3}
      propertyPath: m_LocalRotation.z
      value: 0.0000000745058
      objectReference: {fileID: 0}
    - target: {fileID: 438792, guid: d966b42e3878cde43901a3b7514eedb8, type: 3}
      propertyPath: m_LocalEulerAnglesHint.x
      value: 0
      objectReference: {fileID: 0}
    - target: {fileID: 438792, guid: d966b42e3878cde43901a3b7514eedb8, type: 3}
      propertyPath: m_LocalEulerAnglesHint.y
      value: -180
      objectReference: {fileID: 0}
    - target: {fileID: 438792, guid: d966b42e3878cde43901a3b7514eedb8, type: 3}
      propertyPath: m_LocalEulerAnglesHint.z
      value: 90
      objectReference: {fileID: 0}
    - target: {fileID: 2350162, guid: d966b42e3878cde43901a3b7514eedb8, type: 3}
      propertyPath: m_Materials.Array.data[0]
      value: 
      objectReference: {fileID: 2100000, guid: 6dcc9dc3addb65842bde943c128f15ca, type: 2}
    m_RemovedComponents: []
  m_SourcePrefab: {fileID: 100100000, guid: d966b42e3878cde43901a3b7514eedb8, type: 3}
--- !u!4 &1505863923038478244 stripped
Transform:
  m_CorrespondingSourceObject: {fileID: 438792, guid: d966b42e3878cde43901a3b7514eedb8,
    type: 3}
  m_PrefabInstance: {fileID: 1505863923038842284}
  m_PrefabAsset: {fileID: 0}
--- !u!1001 &1505863923076748124
PrefabInstance:
  m_ObjectHideFlags: 0
  serializedVersion: 2
  m_Modification:
    m_TransformParent: {fileID: 1505863921329116017}
    m_Modifications:
    - target: {fileID: 179902, guid: 7545eaf8405f7144c8440e461f3453ef, type: 3}
      propertyPath: m_Name
      value: Floor_6x2
      objectReference: {fileID: 0}
    - target: {fileID: 440350, guid: 7545eaf8405f7144c8440e461f3453ef, type: 3}
      propertyPath: m_RootOrder
      value: 3
      objectReference: {fileID: 0}
    - target: {fileID: 440350, guid: 7545eaf8405f7144c8440e461f3453ef, type: 3}
      propertyPath: m_LocalPosition.x
      value: 0
      objectReference: {fileID: 0}
    - target: {fileID: 440350, guid: 7545eaf8405f7144c8440e461f3453ef, type: 3}
      propertyPath: m_LocalPosition.y
      value: 6
      objectReference: {fileID: 0}
    - target: {fileID: 440350, guid: 7545eaf8405f7144c8440e461f3453ef, type: 3}
      propertyPath: m_LocalPosition.z
      value: -5.9994583
      objectReference: {fileID: 0}
    - target: {fileID: 440350, guid: 7545eaf8405f7144c8440e461f3453ef, type: 3}
      propertyPath: m_LocalRotation.w
      value: 1
      objectReference: {fileID: 0}
    - target: {fileID: 440350, guid: 7545eaf8405f7144c8440e461f3453ef, type: 3}
      propertyPath: m_LocalRotation.x
      value: -0.0000014603138
      objectReference: {fileID: 0}
    - target: {fileID: 440350, guid: 7545eaf8405f7144c8440e461f3453ef, type: 3}
      propertyPath: m_LocalRotation.y
      value: -0
      objectReference: {fileID: 0}
    - target: {fileID: 440350, guid: 7545eaf8405f7144c8440e461f3453ef, type: 3}
      propertyPath: m_LocalRotation.z
      value: -0
      objectReference: {fileID: 0}
    - target: {fileID: 440350, guid: 7545eaf8405f7144c8440e461f3453ef, type: 3}
      propertyPath: m_LocalEulerAnglesHint.x
      value: 0
      objectReference: {fileID: 0}
    - target: {fileID: 440350, guid: 7545eaf8405f7144c8440e461f3453ef, type: 3}
      propertyPath: m_LocalEulerAnglesHint.y
      value: 0
      objectReference: {fileID: 0}
    - target: {fileID: 440350, guid: 7545eaf8405f7144c8440e461f3453ef, type: 3}
      propertyPath: m_LocalEulerAnglesHint.z
      value: 0
      objectReference: {fileID: 0}
    - target: {fileID: 2397076, guid: 7545eaf8405f7144c8440e461f3453ef, type: 3}
      propertyPath: m_Materials.Array.data[0]
      value: 
      objectReference: {fileID: 2100000, guid: 6dcc9dc3addb65842bde943c128f15ca, type: 2}
    m_RemovedComponents: []
  m_SourcePrefab: {fileID: 100100000, guid: 7545eaf8405f7144c8440e461f3453ef, type: 3}
--- !u!4 &1505863923077114690 stripped
Transform:
  m_CorrespondingSourceObject: {fileID: 440350, guid: 7545eaf8405f7144c8440e461f3453ef,
    type: 3}
  m_PrefabInstance: {fileID: 1505863923076748124}
  m_PrefabAsset: {fileID: 0}
